 @misc{web:rpiprocessor,
   author       = {{Raspberry Pi Ltd.}},
   title        = {Raspberry Pi Documentation: Processors},
   year         = {2012-2022},
   url          = {https://www.raspberrypi.com/documentation/computers/processors.html},
   note         = "[Online; accessed 5-декабрь-2022]"
 }
 
 @misc{web:awsarminst,
    author       = {{Amazon Web Services}},
    title        = {Amazon EC2 A1 Instances},
    year         = {2022},
    url          = {https://aws.amazon.com/ec2/instance-types/},
    note         = "[Online; accessed 5-декабрь-2022]"
     }

@misc{web:awsarmpartners,
    author       = {{Arm Limited}},
    title        = {AWS and Arm - Partners},
    year         = {2022},
    url          = {https://www.arm.com/partners/aws},
    note         = "[Online; accessed 5-декабрь-2022]"
}

  @misc{ enwiki:1114570840,
    author = "{Wikipedia contributors}",
    title = "Mac transition to Apple silicon --- {Wikipedia}{,} The Free Encyclopedia",
    year = "2022",
    url = {https://en.wikipedia.org/w/index.php?title=Mac_transition_to_Apple_silicon&oldid=1114570840},
    note = "[Online; accessed 11-декабрь-2022]"
  }

  @misc{osdev:protected,
    author = "OSDev Wiki",
    title = "Protected Mode",
    year = "2022",
    url = {https://wiki.osdev.org/Protected_Mode},
    note = "[Online; accessed 11-декабрь-2022]"
  }

  @misc{osdev:a20,
    author = "OSDev Wiki",
    title = "A20 Gate",
    year = "2022",
    url = {https://wiki.osdev.org/A20_Gate},
    note = "[Online; accessed 11-декабрь-2022]"
  }

  @misc{osdev:real,
    author = "OSDev Wiki",
    title = "Real Mode",
    year = "2022",
    url = {https://wiki.osdev.org/Real_Mode},
    note = "[Online; accessed 11-декабрь-2022]"
  }

  @misc{osdev:sysinit,
    author = "OSDev Wiki",
    title = "System Initialization (x86)",
    year = "2022",
    url = {https://wiki.osdev.org/System_Initialization_(x86)},
    note = "[Online; accessed 11-декабрь-2022]"
  }

  @misc{osdev:bios,
    author = "OSDev Wiki",
    title = "BIOS",
    year = "2022",
    url = {https://wiki.osdev.org/BIOS},
    note = "[Online; accessed 11-декабрь-2022]"
  }

  @misc{osdev:uefi,
    author = "OSDev Wiki",
    title = "UEFI",
    year = "2022",
    url = {https://wiki.osdev.org/UEFI},
    note = "[Online; accessed 11-декабрь-2022]"
  }

    @misc{ enwiki:x86memseg,
    author = "{Wikipedia contributors}",
    title = "X86 memory segmentation --- {Wikipedia}{,} The Free Encyclopedia",
    year = "2022",
    url = "https://en.wikipedia.org/w/index.php?title=X86_memory_segmentation&oldid=1105877331",
    note = "[Online; accessed 11-декабрь-2022]"
  }

  @misc{ osdev:mbr,
    author = "OSDev Wiki",
    title = "Master Boot Record",
    year = "2022",
    url = "https://wiki.osdev.org/MBR_(x86)",
    note = "[Online; accessed 11-декабрь-2022]"
  }

  @misc{ osdev:gdttutorial,
    author = "OSDev Wiki",
    title = "Global Descriptor Table Tutorial",
    year = "2022",
    url = "https://wiki.osdev.org/GDT_Tutorial",
    note = "[Online; accessed 11-декабрь-2022]"
  }

    @misc{ enwiki:longmode,
    author = "{Wikipedia contributors}",
    title = "Long mode --- {Wikipedia}{,} The Free Encyclopedia",
    year = "2021",
    url = "https://en.wikipedia.org/w/index.php?title=Long_mode&oldid=1038175329",
    note = "[Online; accessed 11-декабрь-2022]"
  }

  @misc{osforum:directlongmode,
    author = "OSDev Forum",
    title = "Switching from real mode to long mode directly..",
    year = "2022",
    url = "https://forum.osdev.org/viewtopic.php?t=11093",
    note = "[Online; accessed 11-декабрь-2022]"
  }

  @misc{web:a20pain,
    author = "Andries E. Brouwer",
    title = "A20 -- a pain from the past",
    year = "2022",
    url = "https://www.win.tue.nl/~aeb/linux/kbd/A20.html",
    note = "[Online; accessed 11-декабрь-2022]"
  }


  @misc{web:intel-ia32,
    author = "Intel",
    title = "Intel® 64 and IA-32 Architectures Software Developer's Manual",
    subtitle     = {Volume 3A: System Programming Guide, Part 1},
    year = "2016",
    url = "https://www.intel.com/content/dam/www/public/us/en/documents/manuals/64-ia-32-architectures-software-developer-vol-3a-part-1-manual.pdf",
    note = "[Online; accessed 11-декабрь-2022]"
  }